
@article{askpass,
	title = {askpass: Password Entry Utilities for R, Git, and SSH},
	author = {Ooms, Jeroen},
	year = {2023},
	date = {2023},
	url = {https://CRAN.R-project.org/package=askpass}
}
